<?xml version="1.0" encoding="UTF-8"?><collection xmlns="http://www.loc.gov/MARC21/slim"><record><leader>00399nam--2200133-i-4500</leader><controlfield tag="001">000008557</controlfield><controlfield tag="002">20161230</controlfield><controlfield tag="005">20170212003550</controlfield><controlfield tag="008">060222s1000------------r-----000-0-eng-d</controlfield><datafield ind1=" " ind2=" " tag="245"><subfield code="a">Current projects in library automation an australian directory, 1967</subfield></datafield><datafield ind1=" " ind2=" " tag="260"><subfield code="a">Canberra</subfield><subfield code="b">Australian Advisory Council On Bibliographical Service</subfield><subfield code="c">1967</subfield></datafield><datafield ind1=" " ind2=" " tag="300"><subfield code="a">40 p</subfield></datafield><datafield ind1=" " ind2=" " tag="852"><subfield code="a">02</subfield></datafield><datafield ind1=" " ind2=" " tag="CAT"><subfield code="a">SYS</subfield><subfield code="c">20170212</subfield><subfield code="h">003550</subfield></datafield></record></collection>